<?xml version="1.0" encoding="UTF-8"?><record xmlns="http://www.loc.gov/MARC21/slim" xmlns:cinclude="http://apache.org/cocoon/include/1.0" xmlns:zs="http://www.loc.gov/zing/srw/">
  <leader>00600cz  a2200145n  4500</leader>
  <controlfield tag="001">n 2004142724</controlfield>
  <controlfield tag="003">DLC</controlfield>
  <controlfield tag="005">20091214100701.0</controlfield>
  <controlfield tag="008">041110n| acannaabn          |n aaa      </controlfield>
  <datafield tag="010" ind1=" " ind2=" ">
    <subfield code="a">n 2004142724</subfield>
  </datafield>
  <datafield tag="035" ind1=" " ind2=" ">
    <subfield code="a">(OCoLC)oca06492633</subfield>
  </datafield>
  <datafield tag="040" ind1=" " ind2=" ">
    <subfield code="a">DLC</subfield>
    <subfield code="b">eng</subfield>
    <subfield code="c">DLC</subfield>
    <subfield code="d">OkU</subfield>
    <subfield code="d">DNLM</subfield>
  </datafield>
  <datafield tag="100" ind1="1" ind2=" ">
    <subfield code="a">Ronan, Kevin R.</subfield>
  </datafield>
  <datafield tag="670" ind1=" " ind2=" ">
    <subfield code="a">Ronan, Kevin. Promoting community resilience in disasters, c2005:</subfield>
    <subfield code="b">CIP t.p. (Kevin Ronan; Univ. of Massey, New Palmerston, New Zealand) book t.p. (Kevin R. Ronan)</subfield>
  </datafield>
  <datafield tag="670" ind1=" " ind2=" ">
    <subfield code="a">Cognitive behavioural therapy for child trauma and abuse, 2010:</subfield>
    <subfield code="b">ECIP t.p. (Kevin R. Ronan) dataview (b. Nov. 5, 1960)</subfield>
  </datafield>
</record>